<record><leader>00000cas a22000007a 4500</leader><controlfield tag="001">10486747</controlfield><controlfield tag="008">840305d19381952vi wr ne      0   a0eng d</controlfield><datafield ind1=" " ind2=" " tag="010"><subfield code="a">sn 84037530 </subfield></datafield><datafield ind1=" " ind2=" " tag="040"><subfield code="a">NVI</subfield><subfield code="b">eng</subfield><subfield code="c">NPV</subfield><subfield code="d">DLC</subfield><subfield code="d">OCLCQ</subfield></datafield><datafield ind1=" " ind2=" " tag="042"><subfield code="a">msc</subfield></datafield><datafield ind1="0" ind2="4" tag="245"><subfield code="a">The Progressive guide :</subfield><subfield code="b">weekly bulletin of Virgin Islands Progressive Guide.</subfield></datafield><datafield ind1=" " ind2=" " tag="260"><subfield code="a">[Charlotte Amalie] St. Thomas, V.I. :</subfield><subfield code="b">The Guide</subfield></datafield><datafield ind1=" " ind2=" " tag="300"><subfield code="a">15 v. ;</subfield><subfield code="c">36 cm.</subfield></datafield><datafield ind1=" " ind2=" " tag="310"><subfield code="a">Weekly</subfield></datafield><datafield ind1="1" ind2=" " tag="362"><subfield code="a">Began in 1938? Ceased with Sept. 13, 1952 issue.</subfield></datafield><datafield ind1=" " ind2=" " tag="588"><subfield code="a">Description based on: Vol. 2, no. 10 (Mar. 11, 1939).</subfield></datafield><datafield ind1="2" ind2=" " tag="710"><subfield code="a">Virgin Islands Progressive Guide.</subfield></datafield><datafield ind1=" " ind2=" " tag="752"><subfield code="a">United States</subfield><subfield code="b">Virgin Islands</subfield><subfield code="c">Saint Thomas</subfield><subfield code="d">Charlotte Amalie.</subfield></datafield><datafield ind1="1" ind2=" " tag="029"><subfield code="a">AU@</subfield><subfield code="b">000025813367</subfield></datafield></record>